<?xml version="1.0" encoding="UTF-8"?><collection xmlns="http://www.loc.gov/MARC21/slim"><record><leader>00578nam--2200193-u-4500</leader><controlfield tag="001">000053766</controlfield><controlfield tag="002">20161230</controlfield><controlfield tag="005">20161230201051</controlfield><controlfield tag="008">110607s1000------------r-----000-0-rus-d</controlfield><datafield ind1=" " ind2=" " tag="040"><subfield code="a">IFIN-HH</subfield></datafield><datafield ind1=" " ind2=" " tag="041"><subfield code="a">rus</subfield></datafield><datafield ind1=" " ind2=" " tag="080"><subfield code="a">538.3(081)</subfield></datafield><datafield ind1="1" ind2=" " tag="100"><subfield code="a">Maxwell, James Clerk</subfield></datafield><datafield ind1="1" ind2="0" tag="245"><subfield code="a">Izbrannie socinenia po teorii elektromagnitnogo polia</subfield><subfield code="c">James clerk maxwell</subfield></datafield><datafield ind1=" " ind2=" " tag="260"><subfield code="a">Moskva</subfield><subfield code="b">Tehniko-teoreticeskoi Literaturi</subfield><subfield code="c">1952</subfield></datafield><datafield ind1=" " ind2=" " tag="300"><subfield code="a">687P</subfield></datafield><datafield ind1=" " ind2=" " tag="490"><subfield code="a">Klassiki Estestvoznania: Matematika Mehanika Fizika Astronomia</subfield></datafield><datafield ind1=" " ind2=" " tag="852"><subfield code="a">134</subfield><subfield code="c">537:538</subfield></datafield><datafield ind1=" " ind2=" " tag="CAT"><subfield code="a">Sys</subfield><subfield code="c">20110607</subfield><subfield code="h">115228</subfield></datafield></record></collection>